@INPROCEEDINGS{sample_ref,
author={Ref, S.},
booktitle={2008 Conference},
title={Sample Ref},
year={2008},
pages={1-7},
}
@manual{fabricdocs:network,
  title  = "Blockchain network",
  note   = "\url{https://hyperledger-fabric.readthedocs.io/en/latest/network/network.html}",
  year   = "2020"
}
@manual{fabricdocs:flow,
  title  = "Transaction Flow",
  note   = "\url{https://hyperledger-fabric.readthedocs.io/en/latest/txflow.html}",
  year   = "2020"
}
@manual{fabricdocs:peer,
  title  = "Peers",
  note   = "\url{https://hyperledger-fabric.readthedocs.io/en/latest/peers/peers.html}",
  year   = "2020"
}
@manual{fabricdocs:orderer,
  title  = "The Ordering Service",
  note   = "\url{https://hyperledger-fabric.readthedocs.io/en/latest/orderer/ordering_service.html}",
  year   = "2020"
}

@inproceedings{lit:fabriccrdt,
author = {Nasirifard, Pezhman and Mayer, Ruben and Jacobsen, Hans-Arno},
title = {FabricCRDT: A Conflict-Free Replicated Datatypes Approach to Permissioned Blockchains},
year = {2019},
isbn = {9781450370097},
publisher = {Association for Computing Machinery},
address = {New York, NY, USA},
url = {https://doi.org/10.1145/3361525.3361540},
doi = {10.1145/3361525.3361540},
booktitle = {Proceedings of the 20th International Middleware Conference},
pages = {110–122},
numpages = {13},
keywords = {Blockchain, Hyperledger Fabric, CRDT, Eventual Consistency, Multi-Version Concurrency Control},
location = {Davis, CA, USA},
series = {Middleware ’19}
}
